@article{Folino03cellular,
  author    = {Gianluigi Folino and
               Clara Pizzuti and
               Giandomenico Spezzano},
  title     = {A scalable cellular implementation of parallel genetic programming},
  journal   = {{IEEE} Trans. Evolutionary Computation},
  volume    = {7},
  number    = {1},
  pages     = {37--53},
  year      = {2003},

}

@article{Alba02Parallelism,
  author    = {Enrique Alba and
               Marco Tomassini},
  title     = {Parallelism and evolutionary algorithms},
  journal   = {{IEEE} Trans. Evolutionary Computation},
  volume    = {6},
  number    = {5},
  pages     = {443--462},
  year      = {2002},

}

@inproceedings{Branke04Parallelizingcone,
  author    = {J{\"{u}}rgen Branke and
               Hartmut Schmeck and
               Kalyanmoy Deb and
               Reddy S. Maheshwar},
  title     = {Parallelizing multi-objective evolutionary algorithms: cone separation},
  booktitle = {Proceedings of the {IEEE} Congress on Evolutionary Computation, {CEC}
               2004, 19-23 June 2004, Portland, OR, {USA}},
  pages     = {1952--1957},
  publisher = {{IEEE}},
  year      = {2004},
}

@inproceedings{Deb00NSGAII,
  author    = {Kalyanmoy Deb and
               Samir Agrawal and
               Amrit Pratap and
               T Meyarivan},
  title     = {A Fast Elitist Non-dominated Sorting Genetic Algorithm for Multi-objective
               Optimisation: {NSGA-II}},
  pages     = {849--858},
  editor    = {Marc Schoenauer and
               Kalyanmoy Deb and
               G{\"{u}}nter Rudolph and
               Xin Yao and
               Evelyne Lutton and
               Juan J. Merelo Guerv{\'{o}}s and
               Hans{-}Paul Schwefel},
  booktitle     = {Parallel Problem Solving from Nature - {PPSN} VI, 6th International
               Conference, Paris, France, September 18-20, 2000, Proceedings},
  series    = {Lecture Notes in Computer Science},
  volume    = {1917},
  publisher = {Springer},
  year      = {2000},
}

@inproceedings{Deb03distributed,
  author    = {Kalyanmoy Deb and
               Pawan Zope and
               Abhishek Jain},
  title     = {Distributed Computing of Pareto-Optimal Solutions with Evolutionary
               Algorithms},
  pages     = {534--549},
  editor    = {Carlos M. Fonseca and
               Peter J. Fleming and
               Eckart Zitzler and
               Kalyanmoy Deb and
               Lothar Thiele},
  booktitle     = {Evolutionary Multi-Criterion Optimization, Second International Conference,
               {EMO} 2003, Faro, Portugal, April 8-11, 2003, Proceedings},
  series    = {Lecture Notes in Computer Science},
  volume    = {2632},
  publisher = {Springer},
  year      = {2003},
  isbn      = {3-540-01869-7},
}

@inproceedings{Xiao03specialized,
  author    = {Ningchuan Xiao and
               Marc P. Armstrong},
  title     = {A Specialized Island Model and Its Application in Multiobjective Optimization},
  pages     = {1530--1540},
  year      = {2003},
  editor    = {Erick Cant{\'{u}}{-}Paz and
               James A. Foster and
               Kalyanmoy Deb and
               Lawrence Davis and
               Rajkumar Roy and
               Una{-}May O'Reilly and
               Hans{-}Georg Beyer and
               Russell K. Standish and
               Graham Kendall and
               Stewart W. Wilson and
               Mark Harman and
               Joachim Wegener and
               Dipankar Dasgupta and
               Mitchell A. Potter and
               Alan C. Schultz and
               Kathryn A. Dowsland and
               Natasa Jonoska and
               Julian F. Miller},
  booktitle     = {Genetic and Evolutionary Computation - {GECCO} 2003, Genetic and Evolutionary
               Computation Conference, Chicago, IL, USA, July 12-16, 2003. Proceedings,
               Part {II}},
  series    = {Lecture Notes in Computer Science},
  volume    = {2724},
  publisher = {Springer},
  isbn      = {3-540-40603-4},
}

@inproceedings{Martens13asynchronous,
  author    = {Marcus M{\"{a}}rtens and
               Dario Izzo},
  title     = {The asynchronous island model and {NSGA-II:} study of a new migration
               operator and its performance},
  pages     = {1173--1180},
  editor    = {Christian Blum and
               Enrique Alba},
  booktitle     = {Genetic and Evolutionary Computation Conference, {GECCO} '13, Amsterdam,
               The Netherlands, July 6-10, 2013},
  publisher = {{ACM}},
  year      = {2013},
    isbn      = {978-1-4503-1963-8},
}


@inproceedings{Durillo08masterslave,
  author    = {Antonio J. Nebro and
               Juan Jos{\'{e}} Durillo},
  title     = {A Study of the Parallelization of the Multi-Objective Metaheuristic
               {MOEA/D}},
  booktitle = {Learning and Intelligent Optimization, 4th International Conference,
               {LION} 4, Venice, Italy, January 18-22, 2010. Selected Papers},
  pages     = {303--317},
  editor    = {Christian Blum and
               Roberto Battiti},
  series    = {Lecture Notes in Computer Science},
  volume    = {6073},
  publisher = {Springer},
  year      = {2010},
  doi       = {10.1007/978-3-642-13800-3},
  isbn      = {978-3-642-13799-0},
  timestamp = {Tue, 29 Jun 2010 14:15:25 +0200},
  biburl    = {http://dblp.uni-trier.de/rec/bib/conf/lion/2010},
  bibsource = {dblp computer science bibliography, http://dblp.org}
}

@inproceedings{Hiroyasu07discussion,
  author    = {Tomoyuki Hiroyasu and
               Kengo Yoshii and
               Mitsunori Miki},
  title     = {Discussion of parallel model of multi-objective genetic algorithms
               on heterogeneous computational resources},
  booktitle = {Genetic and Evolutionary Computation Conference, {GECCO} 2007, Proceedings,
               London, England, UK, July 7-11, 2007},
  pages     = {904},
  editor    = {Hod Lipson},
  publisher = {{ACM}},
  year      = {2007},
  isbn      = {978-1-59593-697-4},

}

@INPROCEEDINGS{Wang09parallel, 
author={Wang Zhi-xin and Gang Ju}, 
booktitle={Control and Decision Conference, 2009. CCDC '09. Chinese}, 
title={A parallel genetic algorithm in multi-objective optimization}, 
year={2009}, 
pages={3497-3501}, 
keywords={Pareto optimisation;genetic algorithms;parallel algorithms;set theory;NSGA-II algorithm;Pareto optimal set;multiobjective optimization;parallel genetic algorithm;parallel searching speed;Convergence;Diversity reception;Genetic algorithms;Genetic engineering;Parallel algorithms;Parallel processing;Pareto optimization;Performance evaluation;Scattering;Sorting;Individual migration;Individual update;Multi-objective optimization;NSGA-II;Parallel genetic algorithm}, 
doi={10.1109/CCDC.2009.5192490}, 
month={June},}

@inproceedings{Talbi08Parallel,
  author    = {El{-}Ghazali Talbi and
               Sanaz Mostaghim and
               Tatsuya Okabe and
               Hisao Ishibuchi and
               G{\"{u}}nter Rudolph and
               Carlos A. Coello Coello},
  title     = {Parallel Approaches for Multiobjective Optimization},
  booktitle = {Multiobjective Optimization, Interactive and Evolutionary Approaches
               [outcome of Dagstuhl seminars].},
  pages     = {349--372},
  year      = {2008},
  editor    = {J{\"{u}}rgen Branke and
               Kalyanmoy Deb and
               Kaisa Miettinen and
               Roman Slowinski},
  series    = {Lecture Notes in Computer Science},
  volume    = {5252},
  publisher = {Springer},

}

@article{Dorronsoro13superlinear,
  author    = {Bernab{\'{e}} Dorronsoro and
               Gr{\'{e}}goire Danoy and
               Antonio J. Nebro and
               Pascal Bouvry},
  title     = {Achieving super-linear performance in parallel multi-objective evolutionary
               algorithms by means of cooperative coevolution},
  journal   = {Computers {\&} {OR}},
  volume    = {40},
  number    = {6},
  pages     = {1552--1563},
  year      = {2013},
  doi       = {10.1016/j.cor.2011.11.014},
  timestamp = {Wed, 17 Apr 2013 12:39:15 +0200},
  biburl    = {http://dblp.uni-trier.de/rec/bib/journals/cor/DorronsoroDNB13},
  bibsource = {dblp computer science bibliography, http://dblp.org}
}

@article {Alba13parallel,
author = {Alba, Enrique and Luque, Gabriel and Nesmachnow, Sergio},
title = {Parallel metaheuristics: recent advances and new trends},
journal = {International Transactions in Operational Research},
volume = {20},
number = {1},
issn = {1475-3995},
doi = {10.1111/j.1475-3995.2012.00862.x},
pages = {1--48},
keywords = {parallel computing, metaheuristics, analysis of algorithms, communications},
year = {2013},
}

@article{Gong15models,
  author    = {Yue{-}Jiao Gong and
               Wei{-}Neng Chen and
               Zhi{-}Hui Zhan and
               Jun Zhang and
               Yun Li and
               Qingfu Zhang and
               Jing{-}Jing Li},
  title     = {Distributed evolutionary algorithms and their models: {A} survey of
               the state-of-the-art},
  journal   = {Appl. Soft Comput.},
  volume    = {34},
  pages     = {286--300},
  year      = {2015},
  doi       = {10.1016/j.asoc.2015.04.061},
  timestamp = {Sat, 25 Jul 2015 14:42:44 +0200},
  biburl    = {http://dblp.uni-trier.de/rec/bib/journals/asc/GongCZZLZL15},
  bibsource = {dblp computer science bibliography, http://dblp.org}
}

@Misc{ECJ,
   title={{ECJ: A Java-based Evolutionary Computation and Genetic Programming Research System}},
   author={Luke, Sean and others},
   note={Available at  \url{http://www.cs.umd.edu/projects/plus/ec/ecj}},
   year= {2009}
 }

 @incollection{Luna15Survey,
  author    = {Francisco Luna and
               Enrique Alba},
  title     = {Parallel Multiobjective Evolutionary Algorithms},
  booktitle = {Springer Handbook of Computational Intelligence},
  pages     = {1017--1031},
  year      = {2015},
  editor    = {Janusz Kacprzyk and
               Witold Pedrycz},
  publisher = {Springer},
}

@article{Kimovski15Parallel,
  author    = {Dragi Kimovski and
               Julio Ortega and
               Andr{\'{e}}s Ortiz and
               Raul Ba{\~{n}}os},
  title     = {Parallel alternatives for evolutionary multi-objective optimization
               in unsupervised feature selection},
  journal   = {Expert Syst. Appl.},
  volume    = {42},
  number    = {9},
  pages     = {4239--4252},
  year      = {2015},
  doi       = {10.1016/j.eswa.2015.01.061},
  timestamp = {Mon, 23 Feb 2015 10:04:37 +0100},
  biburl    = {http://dblp.uni-trier.de/rec/bib/journals/eswa/KimovskiOOB15},
  bibsource = {dblp computer science bibliography, http://dblp.org}
}

@Article{zdt2000a,
author={E. Zitzler and K. Deb and L. Thiele},
title={{Comparison of Multiobjective Evolutionary Algorithms: Empirical Results}},
journal={Evolutionary Computation},
year={2000},
volume={8},
pages={173--195},
number={2}
}

@article{Mukhopadhyay14Survey,
  author    = {Anirban Mukhopadhyay and
               Ujjwal Maulik and
               Sanghamitra Bandyopadhyay and
               Carlos Artemio Coello Coello},
  title     = {A Survey of Multiobjective Evolutionary Algorithms for Data Mining:
               Part {I}},
  journal   = {{IEEE} Trans. Evolutionary Computation},
  volume    = {18},
  number    = {1},
  pages     = {4--19},
  year      = {2014},
}

@incollection{cheng2015adaptive,
  title={Adaptive Reference Vector Generation for Inverse Model Based Evolutionary Multiobjective Optimization with Degenerate and Disconnected Pareto Fronts},
  author={Cheng, Ran and Jin, Yaochu and Narukawa, Kaname},
  booktitle={Evolutionary Multi-Criterion Optimization},
  pages={127--140},
  year={2015},
  publisher={Springer International Publishing}
}

@inproceedings{Garcia16hpmoon,
  author    = {Pablo Garc{\'{\i}}a{-}S{\'{a}}nchez and
               Julio Ortega and
               Jes{\'{u}}s Gonz{\'{a}}lez and
               Pedro A. Castillo and
               Juan J. Merelo},
  title     = {Addressing High Dimensional Multi-objective Optimization Problems
               by Coevolutionary Islands with Overlapping Search Spaces},
  booktitle = {Applications of Evolutionary Computation - 19th European Conference,
               EvoApplications 2016, Porto, Portugal, March 30 - April 1, 2016, Proceedings,
               Part {II}},
  pages     = {107--117},
    editor    = {Giovanni Squillero and
               Paolo Burelli},
  series    = {Lecture Notes in Computer Science},
  volume    = {9598},
  publisher = {Springer},
  year      = {2016},
}

@inproceedings{Garcia16hpmoonANONYMOUS,
  author    = {Anonymous},
  title     = {Title suppressed due to blind review},
  booktitle = {Title suppressed due to blind review},
  year      = {2016},
}

@article{Tonda12cooperative,
  author    = {Alberto Paolo Tonda and
               Evelyne Lutton and
               Giovanni Squillero},
  title     = {A benchmark for cooperative coevolution},
  journal   = {Memetic Computing},
  volume    = {4},
  number    = {4},
  pages     = {263--277},
  year      = {2012},
    doi       = {10.1007/s12293-012-0095-x},
  timestamp = {Sat, 17 Nov 2012 18:09:26 +0100},
  biburl    = {http://dblp.uni-trier.de/rec/bib/journals/memetic/TondaLS12},
  bibsource = {dblp computer science bibliography, http://dblp.org}
}

@article{Mora13paretobased,
  author    = {Antonio Miguel Mora and
               Pablo Garc{\'{\i}}a{-}S{\'{a}}nchez and
               Juan J. Merelo-Guerv{\'{o}}s and
               Pedro A. Castillo},
  title     = {Pareto-based multi-colony multi-objective ant colony optimization
               algorithms: an island model proposal},
  journal   = {Soft Comput.},
  volume    = {17},
  number    = {7},
  pages     = {1175--1207},
  year      = {2013},
    doi       = {10.1007/s00500-013-0993-y},
  timestamp = {Mon, 10 Jun 2013 08:10:43 +0200},
  biburl    = {http://dblp.uni-trier.de/rec/bib/journals/soco/MoraGGC13},
  bibsource = {dblp computer science bibliography, http://dblp.org}
}

@book{DBLP:series/ncs/EibenS15,
  author    = {A. E. Eiben and
               James E. Smith},
  title     = {Introduction to Evolutionary Computing},
  series    = {Natural Computing Series},
  publisher = {Springer},
  year      = {2015},
    doi       = {10.1007/978-3-662-44874-8},
  isbn      = {978-3-662-44873-1},
}

@Book{DeJong2006,
  Title                    = {Evolutionary computation: a unified approach},
  Author                   = {De Jong, Kenneth A},
  Publisher                = {MIT press},
  Year                     = {2006}
}

@inproceedings{Chavez15MO,
  author    = {Francisco Ch{\'{a}}vez de la O and
               Eddie Clemente and
               Daniel E. Hern{\'{a}}ndez and
               Francisco Fern{\'{a}}ndez de Vega and
               Gustavo Olague},
  title     = {A Multi-objective Evolutionary Algorithm for Interaction Systems Based
               on Laser Pointers},
  booktitle = {Applications of Evolutionary Computation - 18th European Conference,
               EvoApplications 2015, Copenhagen, Denmark, April 8-10, 2015, Proceedings},
  pages     = {504--516},
  year      = {2015},
  editor    = {Antonio Miguel Mora and
               Giovanni Squillero},
  series    = {Lecture Notes in Computer Science},
  volume    = {9028},
  publisher = {Springer},
    doi       = {10.1007/978-3-319-16549-3},
  isbn      = {978-3-319-16548-6},
}

@article{Hidalgo16residualstress,
  author    = {Jos{\'{e}} Ignacio Hidalgo and
               Ricardo Fern{\'{a}}ndez and
               J. Manuel Colmenar and
               Florencia Cioffi and
               Jos{\'{e}} Luis Risco{-}Mart{\'{\i}}n and
               Gaspar Gonz{\'{a}}lez{-}Doncel},
  title     = {Using evolutionary algorithms to determine the residual stress profile
               across welds of age-hardenable aluminum alloys},
  journal   = {Appl. Soft Comput.},
  volume    = {40},
  pages     = {429--438},
  year      = {2016},
    doi       = {10.1016/j.asoc.2015.11.004},
  timestamp = {Wed, 27 Jan 2016 13:18:19 +0100},
  biburl    = {http://dblp.uni-trier.de/rec/bib/journals/asc/HidalgoFCCRG16},
  bibsource = {dblp computer science bibliography, http://dblp.org}
}

@inproceedings{dennis2003parallel,
  title={Parallel thermoelasticity optimization of 3-D serpentine cooling passages in turbine blades},
  author={Dennis, Brian H and Egorov, Igor N and Sobieczky, Helmut and Dulikravich, George S and Yoshimura, Shinobu},
  booktitle={ASME Turbo Expo 2003, collocated with the 2003 International Joint Power Generation Conference},
  pages={1215--1223},
  year={2003},
  organization={American Society of Mechanical Engineers}
}
